@article{example,
  author = {Mustermann, Max},
  title = {Lorem ipsum dolor sit amet},
  journal = {Journal of Lorem Ipsum},
  volume = {1},
  number = {1},
  pages = {1-10},
  year = {2023},
  doi = {10.1234/example},
  url = {https://example.com/}
}

